<?xml version="1.0" encoding="utf-8"?>
<record xmlns="http://www.loc.gov/MARC21/slim" xmlns:xsi="http://www.w3.org/2001/XMLSchema-instance" xsi:schemaLocation="http://www.loc.gov/MARC21/slim http://www.loc.gov/standards/marcxml/schema/MARC21slim.xsd">
	<leader>     nam a22        4500</leader>
	<controlfield tag="001">3526713</controlfield>
	<controlfield tag="003">NIC</controlfield>
	<controlfield tag="006">m        d        </controlfield>
	<controlfield tag="007">cr cn |||m|||a</controlfield>
	<controlfield tag="008">150505s196u    sy      ob    000 0 ara c</controlfield>
	<datafield ind1=" " ind2=" " tag="040">
		<subfield code="a">NNU</subfield>
		<subfield code="b">eng</subfield>
		<subfield code="e">rda</subfield>
		<subfield code="c">NNU</subfield>
	</datafield>
	<datafield ind1="0" ind2="0" tag="050">
		<subfield code="a">PJ7543</subfield>
		<subfield code="b">.K8</subfield>
	</datafield>
	<datafield ind1="1" ind2=" " tag="100">
		<subfield code="6">880-01</subfield>
		<subfield code="a">Kurdī, Aḥmad.</subfield>
	</datafield>
	<datafield ind1="1" ind2="3" tag="245">
		<subfield code="6">880-02</subfield>
		<subfield code="a">al-Shuʻarāʼ al-nawābigh,</subfield>
		<subfield code="b">ʻarḍ, taḥlīl, dirāsah naqḍ, khaṣāʼiṣ. Imruʼ al-Qays, Aws ibn Ḥajar, Zuhayr ibn Abī Sulmā, al-Nābighah al-Dhubyānī</subfield>
		<subfield code="c">[taʼlīf] Aḥmad al-Kurdī [wa] Aḥmad Muṭāʻ Qabbānī.</subfield>
	</datafield>
	<datafield ind1=" " ind2=" " tag="260">
		<subfield code="6">880-03</subfield>
		<subfield code="a">[Dimashq] :</subfield>
		<subfield code="b">[s.n.],</subfield>
		<subfield code="c">[196-?]</subfield>
	</datafield>
	<datafield ind1=" " ind2=" " tag="300">
		<subfield code="a">online resource (358 pages)</subfield>
	</datafield>
	<datafield ind1=" " ind2=" " tag="336">
		<subfield code="a">text</subfield>
		<subfield code="2">rdacontent</subfield>
	</datafield>
	<datafield ind1=" " ind2=" " tag="337">
		<subfield code="a">computer</subfield>
		<subfield code="2">rdamedia</subfield>
	</datafield>
	<datafield ind1=" " ind2=" " tag="338">
		<subfield code="a">online resource</subfield>
		<subfield code="2">rdacarrier</subfield>
	</datafield>
	<datafield ind1=" " ind2=" " tag="500">
		<subfield code="a">Part of the Arabic Collections Online (ACO) project, contributed by Cornell University Libraries.</subfield>
	</datafield>
	<datafield ind1=" " ind2=" " tag="504">
		<subfield code="a">Includes bibliographical references (pages 355-356).</subfield>
	</datafield>
	<datafield ind1=" " ind2=" " tag="533">
		<subfield code="a">Electronic reproduction.</subfield>
		<subfield code="b">New York, N.Y. :</subfield>
		<subfield code="c">New York University,</subfield>
		<subfield code="d">2015.</subfield>
		<subfield code="5">NNU</subfield>
	</datafield>
	<datafield ind1="0" ind2="0" tag="600">
		<subfield code="6">880-04</subfield>
		<subfield code="a">Imruʼ al-Qays,</subfield>
		<subfield code="d">497-545.</subfield>
	</datafield>
	<datafield ind1="0" ind2="0" tag="600">
		<subfield code="6">880-05</subfield>
		<subfield code="a">Aws ibn Ḥajar,</subfield>
		<subfield code="d">active 6th century.</subfield>
	</datafield>
	<datafield ind1="0" ind2="0" tag="600">
		<subfield code="6">880-06</subfield>
		<subfield code="a">Zuhayr ibn Abī Sulmá.</subfield>
	</datafield>
	<datafield ind1="0" ind2="0" tag="600">
		<subfield code="6">880-07</subfield>
		<subfield code="a">Nābighah al-Dhubyānī,</subfield>
		<subfield code="d">active 6th century.</subfield>
	</datafield>
	<datafield ind1="0" ind2="7" tag="600">
		<subfield code="a">Aws ibn Ḥajar,</subfield>
		<subfield code="d">active 6th century</subfield>
		<subfield code="2">fast</subfield>
		<subfield code="0">(OCoLC)fst01805995</subfield>
	</datafield>
	<datafield ind1="0" ind2="7" tag="600">
		<subfield code="a">Imruʼ al-Qays,</subfield>
		<subfield code="d">497-545</subfield>
		<subfield code="2">fast</subfield>
		<subfield code="0">(OCoLC)fst00171700</subfield>
	</datafield>
	<datafield ind1="0" ind2="7" tag="600">
		<subfield code="a">Nābighah al-Dhubyānī,</subfield>
		<subfield code="d">active 6th century</subfield>
		<subfield code="2">fast</subfield>
		<subfield code="0">(OCoLC)fst01836669</subfield>
	</datafield>
	<datafield ind1="0" ind2="7" tag="600">
		<subfield code="a">Zuhayr ibn Abī Sulmá.</subfield>
		<subfield code="2">fast</subfield>
		<subfield code="0">(OCoLC)fst00103355</subfield>
	</datafield>
	<datafield ind1="1" ind2=" " tag="700">
		<subfield code="6">880-08</subfield>
		<subfield code="a">Qabbānī, Aḥmad,</subfield>
		<subfield code="e">author.</subfield>
	</datafield>
	<datafield ind1="2" ind2=" " tag="710">
		<subfield code="a">Cornell University.</subfield>
		<subfield code="b">Libraries.</subfield>
	</datafield>
	<datafield ind1="0" ind2=" " tag="730">
		<subfield code="a">Arabic Collections Online.</subfield>
	</datafield>
	<datafield ind1="0" ind2="8" tag="776">
		<subfield code="i">Online version:</subfield>
		<subfield code="a">Kurdī, Aḥmad.</subfield>
		<subfield code="t">Shuʻarāʼ al-nawābigh.</subfield>
		<subfield code="d">[Dimashq? 196-?]</subfield>
		<subfield code="w">(OCoLC)580297354</subfield>
	</datafield>
	<datafield ind1="0" ind2="8" tag="776">
		<subfield code="i">Print version:</subfield>
		<subfield code="a">Kurdī, Aḥmad.</subfield>
		<subfield code="t">al-Shuʻarāʼ al-nawābigh</subfield>
		<subfield code="w">(NIC)3526713</subfield>
		<subfield code="w">(DLC)ne 67000030 </subfield>
		<subfield code="w">(OCoLC)13120492</subfield>
	</datafield>
	<datafield ind1="4" ind2="0" tag="856">
		<subfield code="u">http://hdl.handle.net/2333.1/8w9gj09v</subfield>
	</datafield>
	<datafield ind1="1" ind2=" " tag="880">
		<subfield code="6">100-01/r</subfield>
		<subfield code="a">كردي، أحمد.</subfield>
	</datafield>
	<datafield ind1="1" ind2="3" tag="880">
		<subfield code="6">245-02/r</subfield>
		<subfield code="a">الشعراء النوابغ :</subfield>
		<subfield code="b">عرض، تحليل، دراسة، نقض، خصائص : امرؤ القيس، أوس بن حجر، زهير بن أبي سلمى، النابغة الذبياني /</subfield>
		<subfield code="c">أحمد الكردي، أحمد مطاع قباني.</subfield>
	</datafield>
	<datafield ind1=" " ind2=" " tag="880">
		<subfield code="6">260-03/r</subfield>
		<subfield code="a">[دمشق] :</subfield>
		<subfield code="b">[س.ن.]،</subfield>
		<subfield code="c">[196-?]</subfield>
	</datafield>
	<datafield ind1="0" ind2="4" tag="880">
		<subfield code="6">600-04/r</subfield>
		<subfield code="a">امرؤ القيس،</subfield>
		<subfield code="d">497-545.</subfield>
	</datafield>
	<datafield ind1="0" ind2="4" tag="880">
		<subfield code="6">600-05/r</subfield>
		<subfield code="a">اوس بن حجر،</subfield>
		<subfield code="d">active 6th century.</subfield>
	</datafield>
	<datafield ind1="0" ind2="4" tag="880">
		<subfield code="6">600-06/r</subfield>
		<subfield code="a">زهير بن ابي سلمى.</subfield>
	</datafield>
	<datafield ind1="0" ind2="0" tag="880">
		<subfield code="6">600-07/r</subfield>
		<subfield code="a">نابغة الذبياني،</subfield>
		<subfield code="d">active 6th century.</subfield>
	</datafield>
	<datafield ind1="1" ind2=" " tag="880">
		<subfield code="6">700-08/r</subfield>
		<subfield code="a">قباني، أحمد مطاع.</subfield>
	</datafield>
	<datafield ind1=" " ind2=" " tag="959">
		<subfield code="a">NNU</subfield>
		<subfield code="b">WEB</subfield>
		<subfield code="c">GENI</subfield>
		<subfield code="t">0</subfield>
		<subfield code="m">Electronic access</subfield>
		<subfield code="s">01</subfield>
	</datafield>
	<datafield ind1=" " ind2=" " tag="999">
		<subfield code="i">NIC_3526713</subfield>
		<subfield code="o">(OCoLC)ocm13120492</subfield>
		<subfield code="s">cornell_aco000137</subfield>
	</datafield>
</record>
